@misc{hon_prof,
  title = {Honest Profiler: A sampling JVM profiler without the safepoint sample bias},
  timestamp = {2018-01-03T14:30:41Z},
  urldate = {2018-01-03},
  howpublished = {\url{https://github.com/jvm-profiling-tools/honest-profiler}}
}

@misc{agct_source,
  title = {OpenJDK, jdk8: \texttt{AsyncGetCallTrace} source},
  timestamp = {2018-01-03T15:03:52Z},
  urldate = {2018-01-03},
  howpublished = {\url{http://hg.openjdk.java.net/jdk8/jdk8/hotspot/file/tip/src/share/vm/prims/forte.cpp#l513}}
}

@article{mytkowicz2010evaluating,
  title={Evaluating the accuracy of Java profilers},
  author={Mytkowicz, Todd and Diwan, Amer and Hauswirth, Matthias and Sweeney, Peter F},
  journal={ACM Sigplan Notices},
  volume={45},
  number={6},
  pages={187--197},
  year={2010},
  publisher={ACM}
}

@misc{jdk_glossary,
  title = {OpenJDK, HotSpot Glossary of Terms},
  timestamp = {2018-01-09T15:15:51Z},
  urldate = {2018-01-09},
  howpublished = {\url{http://openjdk.java.net/groups/hotspot/docs/HotSpotGlossary.html}}
}

@misc{jvmti_doc,
  title = {JVMTM Tool Interface},
  timestamp = {2018-01-09T17:31Z:36},
  urldate = {2018-01-09},
  howpublished = {\url{https://docs.oracle.com/javase/8/docs/platform/jvmti/jvmti.html}}
}
